%%%%%%%%%%%%%%%%%%%%%%%%%%%%%%%%%%%%%%%%%%%%%%%%%%%%%%%%
%% Bibliography file
%% Author: Pengfei Zheng
%% Date of creation: Apr. 2019
%% Last update: Apr. 2019
%% File name: Literatur.bib
%%%%%%%%%%%%%%%%%%%%%%%%%%%%%%%%%%%%%%%%%%%%%%%%%%%%%%%%
@Peamble{\input{bibnames.sty}}}

@String{ICRA       = {Proc. of IEEE International Conference on Robotics and Automation}}
@String{ICAR       = {Proc. of IEEE International Conference on Advanced Robotics}}
@String{IROS       = {Proc. of IEEE/RSJ International Conference on Intellegent Robotic Systems}}
@String{MMAR       = {Proc. of IEEE International Conference on Methods and Models in Automation and Robotics}}
@String{MFI        = {Proc. of IEEE International Conference on Multisensor Fusion and Integration for Intelligent Systems}}

@String{TransRA    = {IEEE Trans. on Robotics and Automation}}
@String{TransR     = {IEEE Trans. on Robotics}}
@String{TransASE   = {IEEE Trans. on Automation Science and Engineering}}
@String{TransAC    = {IEEE Trans. on Automatic Control}}
@String{TransIE    = {IEEE Trans. on Industrial Electronics}}
@String{TransSMCC  = {IEEE Trans. on Systems, Man, and Cybernetics, Part C: Applications and Reviews}}
@String{IJRR       = {The International Journal of Robotics Research}}
@String{JRS        = {Journal of Robotic Systems}}
@String{AR         = {Advanced Robotics}}
@String{SAA        = {Sensors and Actuators A: Physical}}


@book{papadopolous1993queueing,
  title={Queueing theory in manufacturing systems analysis and design},
  author={Papadopolous, HT and Heavey, Cathal and Browne, Jimmie},
  year={1993},
  publisher={Springer Science \& Business Media}
}

@book{buzacott1993stochastic,
  title={Stochastic models of manufacturing systems},
  author={Buzacott, John A and Shanthikumar, J George},
  volume={4},
  year={1993},
  publisher={Prentice Hall Englewood Cliffs, NJ}
}

@book{askin1993modeling,
  title={Modeling and analysis of manufacturing systems},
  author={Askin, Ronald G and Standridge, Charles R},
  year={1993},
  publisher={John Wiley \& Sons Inc}
}

@article{bonomi1987approximate,
  title={An approximate analysis for a class of assembly-like queues},
  author={Bonomi, Flavio},
  journal={Queueing Systems},
  volume={1},
  number={3},
  pages={289--309},
  year={1987},
  publisher={Springer}
}

@article{rao2000performance,
  title={Performance analysis of an assembly station with input from multiple fabrication lines},
  author={RAO, P CHANDRASEKHAR and Suri, Rajan},
  journal={Production and Operations Management},
  volume={9},
  number={3},
  pages={283--302},
  year={2000},
  publisher={Wiley Online Library}
}

@article{harrison1973assembly,
  title={Assembly-like queues},
  author={Harrison, J Michael},
  journal={Journal of Applied Probability},
  volume={10},
  number={2},
  pages={354--367},
  year={1973},
  publisher={Cambridge University Press}
}

@article{bonomi1987approximate,
  title={An approximate analysis for a class of assembly-like queues},
  author={Bonomi, Flavio},
  journal={Queueing Systems},
  volume={1},
  number={3},
  pages={289--309},
  year={1987},
  publisher={Springer}
}



@article{li2009throughput,
  title={Throughput analysis of production systems: recent advances and future topics},
  author={Li, Jingshan and E. Blumenfeld, Dennis and Huang, Ningjian and M. Alden, Jeffrey},
  journal={International Journal of Production Research},
  volume={47},
  number={14},
  pages={3823--3851},
  year={2009},
  publisher={Taylor \& Francis}
}
